3060 5228
142 289 206 353 418
468 302 589 360 XXXIX.
622 301 675 358 'ott
693 304 876 358 sustentus
891 304 1076 360 accusata.
1186 316 1196 324 ‘

143 439 211 503 nico
233 436 349 524 quidem
373 448 505 526 tempore
526 439 640 504 ablatas
663 439 720 520 eis,
740 451 810 528 post
830 439 973 503 victorias
993 450 1091 502 antem
1103 437 1226 503 caelesti
1239 438 1390 527 praesidio

142 524 230 587 nobis
251 533 356 588 contra
376 521 528 589 Vandalus
549 524 720 612 praestitas,
742 545 796 613 per
817 524 912 588 nostri
935 523 1064 588 numinis
1075 523 1154 622 piam
1166 523 1390 611 dispositionem

143 608 188 671 eis
209 606 351 688 redditas,
372 608 455 672 salva
477 609 507 672 in
530 608 703 696 quocunqne
724 606 972 675 loco'eunerituta
993 607 1133 671 videlicet
1154 608 1330 672 tributorum
1343 628 1391 672 su·

142 690 265 773 lotione,
287 693 411 756 firmiter
431 693 587 780 possidere
609 690 769 757 secundum
790 690 870 776 legis
891 705 1034 773 tenorem,
1056 714 1130 779 qnae
1153 693 1210 756 iam
1234 692 1390 781 superbas

142 797 232 841 causa
253 776 442 864 promulgata
461 788 518 859 est,
539 778 732 866 petitionibus
754 798 856 842 eornm
880 797 974 865 prono
997 777 1164 863 libenteque
1186 777 1286 841 animo
1305 774 1390 842 dosi·

142 883 206 925 mus
227 861 424 927 annuendum.
1365 864 1368 869 '

226 945 356 1032 ldenque
376 946 527 1027 iubemus,
554 945 764 1011 sublimitatem
798 954 877 1011 tuam
905 946 968 1009 nnis
991 944 1151 1032 disponere
1173 944 1391 1045 praeceptioni·

142 1029 208 1111 bus,
230 1041 259 1094 ut
280 1028 450 1118 praedictas
471 1031 692 1118 possessiones,
713 1030 806 1108 salva,
829 1043 917 1116 prout
938 1029 1045 1095 dictum
1068 1041 1125 1110 est,
1148 1031 1323 1094 tributorum
1344 1051 1397 1094 ra·

142 1114 234 1195 tione,
255 1114 442 1180 venerabiles
464 1113 609 1179 ecclesiae
632 1136 695 1179 com
720 1126 840 1178 nostrae
863 1112 1060 1199 Carthaginis
1082 1113 1278 1194 instituisses,
1301 1135 1396 1200 quam

141 1199 271 1263 omnium
294 1199 445 1264 civitatum
470 1199 635 1264 Africanae
657 1199 832 1264 dioeceseos
855 1198 980 1283 firmiter
1003 1199 1175 1286 possideant
1197 1211 1226 1263 et
1247 1200 1314 1262 siue
1329 1198 1431 1263 ulle..

139 1283 353 1364 concussione,
381 1305 400 1348 a
429 1281 508 1348 nullo
536 1284 653 1372 penitus
675 1283 900 1347 abstrahendus.
950 1282 986 1347 Si
1008 1304 1081 1369 quas
1102 1294 1200 1347 antem
1222 1281 1297 1347 alias
1319 1303 1431 1370 pos-

139 1368 311 1449 semiones,
343 1368 408 1433 site
429 1367 550 1450 domna,
583 1369 646 1433 eive
668 1368 861 1432 ecclesiarum
884 1381 1059 1432 ornamenta
1081 1367 1156 1454 apud
1180 1367 1312 1453 aliquos,
1342 1362 1431 1432 ve·

140 1450 291 1533 Arianos,
325 1451 371 1516 vel
400 1473 550 1540 paganos,
581 1451 628 1516 vel
649 1452 726 1518 alias
748 1452 897 1600 ‹poaslibet
917 1473 1060 1539 personas
1082 1453 1209 1516 detineri
1232 1452 1431 1539 probatus-

138 1534 240 1617 loerit,
262 1558 377 1622 eaque
399 1559 436 1602 ue
457 1536 626 1602 omnimodo
647 1538 713 1602 sine
735 1538 836 1622 aiqna
857 1535 1000 1600 dilatione
1022 1535 1112 1600 avelli
1134 1548 1165 1601 et
1185 1536 1431 1601 sacrosanctioe

138 1620 275 1685 ecclesiis
296 1559 482 1686 orthodoxae
503 1621 574 1687 fidei
596 1622 758 1706 assignari,
781 1620 862 1686 unlla
904 1618 1056 1684 rolixitate
1077 1631 1135 1686 tem
1169 1619 1220 1699 ¹ris
1242 1621 1306 1700 his,
1338 1617 1431 1708 qn?

120 1704 257 1770 easdem
285 1726 335 1770 res
356 1705 457 1792 inique
479 1705 626 1786 detinent,
659 1707 702 1771 uti
723 1641 941 1786 concedendis,
970 1705 1022 1769 sed
1046 1726 1117 1771 earn
1154 1710 1170 1773 ,'
1197 1708 1202 1717 “
1231 1704 1431 1769 ‘tutionem

140 1788 224 1854 omni
246 1789 372 1876 explosa
393 1789 613 1855 machinatione
635 1790 737 1855 lacere
760 1788 989 1890 compellendis,
1018 1790 1088 1874 quia
1110 1790 1318 1877 nodl'pi'stimur
1339 1811 1431 1854 sa·-

138 1873 305 1939 cratissima
326 1895 397 1940 vasa
425 1873 472 1939 vel
500 1885 675 1940 ornamenta
696 1874 908 1939 venerabilium
931 1872 1124 1938 ecclesiarum
1147 1887 1198 1937 ant
1220 1873 1296 1937 alias
1318 1895 1431 1961 pos*

171 2058 224 2127 eis]
240 2057 286 2112 Sic
303 2059 384 2111 Vind.
401 2059 490 2113 Neob.
523 2062 577 2112 etus
593 2060 684 2113 Berol.
807 2055 927 2126 anullo]
944 2058 991 2112 Sic
1012 2059 1100 2114 Neob.
1123 2061 1231 2127 aaron,
1257 2060 1334 2111 deest
1358 2060 1431 2112 tor

171 2127 292 2193 caelesti]
311 2129 395 2179 calami
411 2128 504 2181 Berol.
545 2129 643 2180 celestis
659 2127 747 2180 Neob.
774 2126 855 2179 Vind.

170 2195 249 2247 nubis
267 2200 361 2247 contra
379 2191 526 2262 Vandalus]
545 2195 623 2248 Haec
639 2195 747 2262 quidem
807 2191 1012 2273 abstrahendu]
1030 2193 1197 2246 obstruendas
1213 2194 1302 2246 Neob.

137 2262 165 2316 io
189 2263 276 2315 Neob.
299 2263 397 2315 desunt
420 2263 559 2315 edanum
583 2264 688 2328 omnia,
720 2263 748 2315 in
808 2261 886 2330 qnae]
911 2261 957 2313 Sic
977 2262 1055 2315 Vrnd.
1080 2262 1168 2315 Neob.
1211 2264 1431 2330 oubBerol.,.

138 2345 192 2450 pun
215 2335 304 2382 tamen
329 2335 373 2382 est
397 2331 509 2395 lacuna,
532 2328 575 2381 cui
599 2331 749 2398 explendae
775 2330 846 2398 quod
866 2329 947 2381 etiam
966 2330 1053 2395 Volgo
1072 2328 1193 2382 hahetur.
1296 2336 1302 2357 ¹

149 2415 196 2450 ere
214 2397 355 2450 duodecim
373 2397 480 2449 litterae
497 2397 622 2451 sufficere
640 2406 749 2469 queant.
807 2395 992 2464 ecclesiarum]
1010 2401 1036 2449 iu
1053 2400 1130 2448 ectus
1147 2398 1244 2463 Neob.,
1270 2397 1320 2449 sed
1337 2414 1389 2467 per
1404 2404 1431 2440 ’ἲ

136 2467 203 2518 ltem
220 2482 274 2519 ros
291 2474 379 2517 συκίνη
396 2465 613 2521 inamoenus.
629 2480 684 2519 non
700 2473 751 2521 est.
774 2464 891 2517 litteram
909 2466 918 2514 t
935 2464 1121 2517 circumflexus
1139 2465 1266 2517 traiectos
1284 2470 1336 2518 est.

136 2535 281 2587 Caeterum
299 2534 390 2586 Berol.
412 2535 569 2585 Uuoudulus.
808 2531 975 2597 ornamenta]
992 2541 1105 2584 oroomtu
1122 2533 1221 2599 Neob,
1237 2533 1285 2584 sed
1304 2549 1389 2604 supra
1422 2563 1431 2573 -

169 2599 562 2669 praestitas]proestttumVind.
568 2599 752 2657 BarchNeoh.
774 2597 889 2651 litteram
906 2617 933 2650 so
949 2600 1049 2653 lineola
1066 2601 1155 2669 posita
1172 2608 1222 2652 est.

169 2668 255 2721 nostri
272 2667 400 2734 nominis]
418 2668 464 2721 Sic
476 2666 556 2723 Viud.
572 2662 662 2720 Neob.
694 2682 761 2723 sess.
808 2664 925 2734 aliquos]
941 2685 973 2716 aa
987 2669 1086 2732 iteret,
1103 2669 1150 2720 sed
1170 2683 1252 2735 snpra
1268 2668 1388 2721 litteram

135 2736 236 2802 Bernh,
253 2736 300 2788 sed
319 2741 408 2788 tamen
424 2735 525 2788 lineola
541 2734 667 2807 superius
682 2732 752 2789 mie
775 2750 791 2784 u
808 2736 897 2787 littera
914 2739 924 2785 t
941 2735 1030 2803 posita
1047 2744 1097 2787 est.
1137 2735 1215 2789 vind.
1233 2736 1323 2790 Neob.
1340 2737 1390 2789 ha-

136 2809 180 2858 cta
197 2810 247 2856 est.
281 2813 395 2855 uestrum
414 2804 513 2868 Vulgo.
775 2802 848 2867 beot,
864 2808 895 2852 ut
911 2802 939 2854 in
957 2808 1027 2857 cont.
1062 2804 1141 2869 Afros
1152 2804 1249 2869 Vulgo.

168 2869 301 2939 redditas]
318 2873 415 2923 reditus
423 2871 522 2936 Neob.,
539 2868 588 2920 sed
605 2884 690 2941 snpra
705 2868 750 2921 lit·
807 2867 933 2937 Arianos]
950 2874 1075 2922 dertusae
1092 2872 1181 2923 Berol.

134 2938 481 2993 teramdsecuodamanus
493 2937 608 2989 litteram
620 2939 637 2987 d
649 2937 747 3005 posuit.
807 2937 950 3004 quaslibet]
975 2938 1021 2990 Sic
1043 2939 1122 2991 Vind.
1145 2939 1235 2991 Berol.
1275 2939 1389 3006 millet

169 3002 749 3140 ppppppueppplcpppppp‘ppvtitppbkfflb·Bb
771 3002 960 3140 Neporldhatum]
994 3073 1040 3125 Sic
1066 3074 1146 3125 Vind.
1178 3074 1269 3125 seror.
1296 3073 1388 3127 Neob.

25 3140 29 3149 '
135 3143 187 3193 rol.
205 3139 336 3190 Pithoeus
354 3155 388 3188 ex
406 3139 484 3188 relat.
503 3137 551 3188 Os.
772 3140 894 3204 probatus
912 3141 1009 3206 Vulgo.
1043 3140 1172 3193 Pithoeus
1191 3157 1226 3192 ex
1243 3142 1292 3192 reL
1311 3142 1363 3194 0s.

168 3203 343 3270 tributorum]
361 3205 537 3255 tribulatorum
553 3204 641 3256 Neob.
807 3206 947 3275 dilatione]
965 3211 1065 3260 diletrne
1081 3210 1184 3272 Neob.,
1208 3208 1255 3260 sed
1284 3208 1387 3262 ultimis

170 3271 318 3337 solutione]
337 3271 497 3335 suleNeob.‚
515 3271 562 3322 sed
574 3289 623 3339 per
633 3272 750 3326 litteram
775 3275 878 3327 duabus
896 3275 991 3328 litteris
1009 3277 1106 3328 lineola
1123 3276 1249 3343 imposita
1266 3282 1318 3329 est.

135 3344 146 3396 l
161 3339 352 3394 circumflexus
368 3328 497 3390 traiectus
515 3344 566 3391 eut.
807 3341 898 3409 avelli]
909 3345 954 3396 Sic
963 3345 1049 3407 vtum,
1062 3344 1140 3396 deest
1151 3344 1178 3395 in
1187 3344 1389 3411 Berol.Neob.,

169 3404 252 3476 qnae]
270 3422 316 3473 que
333 3405 423 3457 Berol.
496 3471 503 3483 ·
772 3427 823 3462 aee
839 3427 904 3462 saue
922 3413 1008 3477 Vulgo
1026 3411 1147 3464 habetur.

169 3473 231 3541 hac]
248 3475 271 3524 d·
287 3474 379 3525 Berot.
412 3471 456 3522 bec
472 3471 550 3523 Vrnd.
567 3471 656 3528 Neob.
807 3479 985 3545 orthodoxae]
1002 3479 1138 3531 orthodoxe
1154 3479 1243 3530 Berol.
1261 3477 1353 3531 Neob.

168 3538 748 3607 libenteqne]ltbeudqueVind.Berol.Neob.
806 3547 949 3614 assignari]
976 3549 1109 3614 udstpuors'
1133 3545 1226 3610 Viud.‚
1255 3545 1335 3599 deest
1359 3546 1389 3600 iu

170 3606 353 3672 annuendum]
377 3610 517 3658 muudum
539 3608 627 3662 Neob.
667 3629 748 3665 amu
771 3612 877 3680 Neob.,
900 3615 946 3668 ubi
968 3622 1058 3667 tanmn
1082 3618 1177 3667 lacuna
1193 3618 1250 3679 est,
1273 3614 1319 3666 cui
1335 3630 1388 3668 ax-

135 3678 192 3729 eud'
208 3676 299 3726 Berol.
772 3682 887 3750 ptendae
911 3683 1039 3735 tredecim
1060 3681 1118 3734 lere
1135 3682 1241 3734 litterae
1258 3681 1389 3735 sufficere

170 3738 328 3809 disponere]
346 3739 393 3793 Sic
411 3739 491 3817 Vind.
509 3743 609 3811 Boset,
627 3747 704 3801 deest
719 3749 747 3802 in
773 3756 881 3818 queant.

135 3811 226 3863 Neob.
807 3815 892 3886 nulla]
909 3816 955 3870 Sic
973 3816 1050 3870 Vind.
1067 3818 1158 3869 Berol.
1192 3817 1261 3868 nullo
1276 3815 1371 3872 Neob.

170 3871 290 3942 radone]
306 3877 348 3953 ips
364 3872 462 3943 Neob.,
485 3877 535 3930 sed
552 3895 635 3951 supra
651 3882 747 3937 lineam
806 3883 973 3954 prolixitate]
995 3886 1043 3937 Sic
1059 3885 1137 3937 Viud.
1161 3886 1253 3937 Berul.
1286 3888 1390 3950 prolixe·

136 3946 237 3997 lineola
253 3947 341 4010 posita
359 3947 411 3996 est.
772 3952 860 4006 Neob.

169 4007 350 4089 venerabiles]
366 4011 502 4065 matut
518 4014 606 4069 Neob.
805 4019 997 4085 concedendis]
1015 4019 1062 4073 Sic
1077 4019 1157 4073 Vind.
1174 4020 1264 4071 Berul.
1298 4036 1389 4074 emne-

170 4073 243 4143 cum]
262 4077 396 4131 SreVund.
412 4078 501 4134 Neob.
517 4083 607 4139 Barot.
624 4085 695 4141 Pitln.
712 4104 747 4141 ex
772 4089 857 4140 destas
873 4088 961 4140 Neob.

137 4145 244 4224 ΜΨ·
279 4145 439 4227 Vfllss⁰lum3
457 4151 530 4218 quod
544 4167 656 4222 cumen,
674 4158 746 4224 quod
806 4153 1014 4220 restitutionem]
1038 4152 1084 4207 Sic
1102 4153 1179 4206 Vind.
1198 4154 1290 4207 Berol.
1326 4173 1388 4209 coa·

137 4219 262 4332 seputtttr
277 4228 352 4293 W
369 4231 454 4281 magis
472 4222 620 4274 conueniat
694 4253 697 4264 ·
770 4226 922 4276 stitutionem
938 4222 1028 4275 Neob.

196 4276 353 4347 aaluum]
384 4284 630 4354 amoenamus.
656 4291 746 4346 nero.
803 4289 1386 4360 apicumsavrnanun.cammoneas.

136 4348 227 4427 N0⁰b3
805 4355 1009 4428 compettendis]
1029 4357 1281 4411 mautrauers.
1315 4376 1388 4413 coss-

170 4414 323 4495 Alrrcanae]
342 4417 470 4483 Adrianus
486 4424 575 4478 Barot
592 4425 683 4481 Neob.
768 4429 866 4494 peleuds'
882 4427 970 4479 Neob.

171 4484 341 4564 dioeceseos]
358 4489 480 4542 domum
496 4492 584 4556 Vina,
608 4495 656 4547 sed
674 4495 746 4548 litte-
806 4494 870 4563 oon]
887 4511 920 4545 uu
937 4492 1025 4547 Neob.

84 4602 88 4609 .
135 4569 213 4607 raso
230 4554 417 4610 circumflexus
434 4557 547 4614 iniectus
565 4566 614 4615 est
655 4564 745 4617 Berul.
804 4559 996 4629 sacratissima]
1012 4560 1171 4611 romutissbs
1187 4561 1198 4610 ι’
1214 4560 1317 4628 Berob,
1333 4562 1385 4615 sed

136 4622 224 4676 N00b·
237 4621 374 4701 filim„-
769 4631 876 4684 litterae
893 4647 918 4682 m
936 4630 1037 4681 lineola
1053 4625 1179 4695 imposita
1196 4632 1246 4679 est.

170 4688 339 4760 possideant]
361 4697 449 4747 Antea
470 4693 499 4747 in
515 4695 604 4751 Neob.
627 4697 746 4752 additum
805 4705 852 4752 aut
879 4715 914 4749 au
928 4696 1079 4760 ostNent,
1095 4695 1144 4746 sed
1161 4694 1297 4763 prioribus
1315 4697 1385 4750 dua-

136 4765 179 4813 est
187 4760 307 4828 monetis,
318 4761 388 4832 qnod
400 4761 515 4817 iuViod.
527 4765 617 4820 Berot.
629 4783 684 4820 noa
695 4772 746 4822 est.
770 4768 822 4820 bus
838 4765 937 4819 lttesis
954 4768 1054 4834 puncta
1068 4762 1191 4815 subiecta
1207 4769 1278 4817 sunt.
