3060 5228
131 272 208 340 426-
286 293 343 347 xc.
376 292 425 344 nu
440 282 695 347 neronianus·
710 292 750 348 m
763 290 1143 349 wsrsucuenrnrmrs
1156 308 1221 348 ιη.

135 425 229 491 lentes
251 436 280 490 et
301 426 497 508 venditiones,
519 439 549 492 et
570 427 746 493 donationes
767 426 930 512 simplices,
951 438 981 492 et
1003 449 1118 493 omnem
1141 436 1245 492 actum·
1259 426 1377 492 aliena·

135 511 245 574 tionem
278 511 433 575 habentem
461 513 653 577 immobilium
680 534 779 577 reruni
808 511 962 576 curialium
989 513 1137 576 subiicere
1165 512 1375 577 decretorum

135 595 342 661 observatione
364 595 452 678 lacte,
494 619 548 661 uae
569 598 599 661 in
621 597 674 662 ills
695 597 763 680 lege
785 598 883 684 posito
894 607 949 661 est.
994 597 1376 697 lleindeposthaec,·qnis

135 682 189 743 suls
218 680 309 744 salsas
341 702 445 745 causas
474 620 624 745 laciebnnt
651 681 844 762 donationes,
875 688 906 746 et
934 683 990 745 hoc
1011 702 1131 745 ommno
1152 684 1379 782 abrogavrmus,

136 763 323 829 donationem
344 766 506 853 simplicem
529 766 629 830 lacere
651 766 790 830 curialem
812 769 843 829 in
864 787 1035 852 quacunque
1063 786 1200 853 persona
1246 765 1377 854 Except·

135 871 200 912 mus
222 859 317 913 autem
339 861 539 938 competenter
559 851 774 938 antenuptiales
796 850 983 930 donationes,
1011 850 1143 936 eoquod
1167 871 1261 935 oeque
1282 850 1379 916 dona·

135 935 232 997 tiones
254 936 373 997 omnino
394 946 474 1013 sunt,
495 935 547 999 sed
570 948 737 999 contractus
757 935 873 1022 species
895 936 925 999 in
947 936 993 998 eis
1006 936 1184 1015 insertaest,
1205 946 1235 998 et
1247 935 1377 1000 filiorum

135 1019 383 1104 procreandorum
406 1021 520 1106 copiam
544 1019 741 1101 introducunt,
763 1019 838 1106 quod
862 1021 947 1084 nolsis
968 1035 998 1083 et
1020 1021 1148 1085 manime
1169 1021 1199 1082 in
1214 1019 1377 1085 curialibus

136 1101 227 1165 studii
255 1113 309 1167 est.
361 1104 436 1167 l'ost
464 1103 538 1167 haec
565 1105 783 1190 conspicientes
812 1114 850 1167 ot¹
863 1103 900 1166 de
921 1104 977 1168 hoc
990 1104 1064 1190 ipso
1086 1104 1378 1191 circumscriptiones

137 1186 242 1251 multas
266 1188 347 1267 lieri,
376 1187 472 1273 legem
494 1189 741 1289 conscripsimus,
768 1200 800 1252 ut
820 1188 940 1252 omnino
963 1187 1072 1251 debere
1093 1190 1203 1252 curiam
1226 1188 1290 1251 sive
1310 1208 1378 1253 cnm

137 1292 273 1359 corpore,
294 1273 358 1336 sive
379 1275 445 1336 sine
468 1273 523 1336 hoo
544 1294 664 1338 omuino
687 1288 747 1336 tres
769 1273 872 1337 nescius
895 1274 1014 1354 haltere,
1035 1283 1065 1335 et
1086 1293 1144 1336 non
1168 1273 1264 1336 minus
1286 1273 1380 1337 licere

139 1357 254 1420 cuidam
284 1356 450 1441 relinquere
472 1358 589 1438 curiae,
622 1378 715 1444 oeque
736 1357 1006 1439 circumscribere,
1030 1378 1125 1442 neque
1146 1357 1319 1421 deminuere
1341 1378 1379 1421 es

138 1444 192 1504 snb
215 1441 273 1505 ullo
297 1441 394 1519 modo,
415 1442 480 1505 sive
501 1443 579 1506 lilios
601 1444 651 1524 sit,
673 1443 723 1528 qni
744 1441 774 1505 iu
793 1443 944 1521 curiaest,
966 1441 1030 1505 sire
1041 1441 1107 1528 ipsa
1118 1442 1285 1541 susceperit
1295 1442 1379 1507 curis

136 1535 197 1590 tres
227 1525 339 1589 uncias.
388 1531 419 1605 ἦ.
441 1529 470 1590 3.
503 1526 543 1590 Et
564 1548 622 1592 nou
646 1548 737 1612 nsque
757 1526 794 1590 ad
817 1528 873 1591 hoc
893 1526 1043 1606 stetimus,
1071 1525 1123 1590 sed
1147 1537 1177 1589 et
1198 1529 1326 1590 laminas
1347 1526 1379 1591 is

126 1631 190 1696 pro
213 1611 258 1673 ria
290 1609 477 1675 institutione
508 1613 580 1675 dare
611 1613 756 1696 quandum
790 1624 902 1699 partem
935 1611 1106 1690 sanximus,
1144 1620 1289 1696 qnatenus
1325 1632 1382 1699 por

136 1630 246 1758 nnlllsm
274 1698 461 1759 occasionem
490 1695 669 1761 diminuetur
695 1695 813 1777 coriae,
830 1697 918 1762 ,sicut
938 1694 1156 1783 praediximus,
1184 1707 1289 1780 quarta
1308 1717 1381 1783 pars

138 1780 228 1842 totins
250 1781 432 1843 substantiae
455 1781 586 1846 curialis.
628 1780 690 1855 Sed
713 1793 742 1844 et
763 1780 869 1845 multas
891 1779 965 1842 istas
988 1790 1017 1843 et
1028 1778 1151 1845 diffusas
1164 1780 1381 1845 munificentias

137 1864 365 1949 abrogavimus,
394 1888 452 1929 nori
482 1865 619 1929 cedentes
648 1864 770 1931 liberari
792 1867 875 1929 curia
897 1864 1002 1944 aliter,
1031 1863 1090 1928 uisi
1112 1886 1165 1950 per
1187 1865 1380 1929 maximarum

138 1948 315 2034 dignitatum
337 1948 542 2035 adeptionem,
574 1950 764 2038 patriciatus,
794 1963 844 2014 aut
874 1947 1062 2029 consulatus,
1088 1960 1139 2013 aut
1166 1948 1382 2037 praefecturae,

137 2117 261 2186 superins
285 2115 410 2183 impositu
428 2124 478 2171 est.
519 2113 747 2185 reciperantis
770 2117 903 2186 interpres
934 2116 1067 2168 Graecum
1094 2119 1195 2186 χρῆναι
1220 2112 1290 2168 sossi
1308 2112 1382 2170 nota

137 2185 271 2253 interpres
288 2184 394 2236 videtur
409 2186 508 2252 legisse
525 2200 601 2243 τινας
616 2182 746 2256 rodepdr.
770 2187 880 2240 ridetur
896 2184 1075 2237 transtulisse.

172 2252 342 2318 donationes]
366 2255 412 2305 Sic
430 2254 508 2305 vind.
543 2254 674 2319 ineos,
697 2253 745 2304 sed
805 2252 917 2319 corium]
935 2253 983 2305 Sic
1000 2251 1078 2304 vind.
1111 2254 1183 2304 surio
1199 2252 1288 2306 Neob.

137 2321 237 2372 lineola
254 2322 380 2388 superios
396 2321 523 2391 imposita
539 2327 589 2372 est.
633 2322 683 2373 Gr.
701 2317 749 2390 sdes
806 2317 933 2390 corpore]
947 2319 993 2372 Sic
1007 2320 1085 2374 Vind.
1120 2336 1195 2386 opere
1210 2320 1299 2373 Neob.
1334 2321 1385 2374 Gr.

113 2383 252 2468 ,tapete
713 2408 716 2413 ·
748 2409 758 2426 ··
771 2384 842 2459 perri
859 2382 994 2454 emperor.

171 2454 319 2525 simplices]
336 2457 444 2522 sopores
457 2456 546 2510 Neob.
807 2455 869 2522 lsoc]
887 2454 933 2508 Sic
949 2455 1053 2522 Neob.,
1076 2455 1152 2507 deest
1169 2455 1197 2507 in
1215 2454 1294 2508 Vind.
1328 2458 1387 2522 ipse

172 2521 356 2591 immobilium]
375 2524 526 2575 s'ssnrolse'ls'rsm
542 2522 629 2576 Neob.
751 2536 755 2541 '
774 2524 871 2590 Vulgo.
906 2523 955 2576 Gt.
973 2519 1067 2573 scisso
1080 2526 1174 2592 χωρίς.

98 2606 103 2619 ·
171 2607 260 2643 rernm
279 2589 431 2658 curialium]
442 2591 488 2643 Sic
501 2592 578 2643 V'ssd.
589 2590 676 2645 Neob.
706 2604 750 2642 ms-
808 2588 974 2658 deminuere]
985 2591 1030 2643 Sic
1041 2589 1119 2644 Vind.
1153 2591 1386 2643 diminuereNeob.

137 2661 240 2712 riulione
257 2675 341 2711 rerum
358 2660 455 2724 Vulgo.
808 2658 851 2725 ea]
871 2658 917 2711 Sio
934 2657 1011 2710 Vino.
1030 2658 1116 2711 Neob.
1157 2672 1202 2710 ess
1219 2659 1324 2724 Vulgo·
1356 2659 1386 2712 ln

172 2718 317 2794 subiicere]
334 2728 444 2780 sellem
463 2726 541 2779 Vino.
559 2726 647 2779 Neob.
688 2725 749 2777 csls-
775 2727 888 2780 Grnecis
904 2724 1046 2794 interpreti
1063 2725 1170 2778 ridetur
1187 2725 1271 2778 luisse
1288 2721 1370 2779 αὐτά.

138 2799 220 2847 iecere
238 2796 334 2860 vntgo.
808 2793 968 2862 susceperit]
988 2793 1034 2845 Sic
1052 2793 1139 2846 Neob.
1179 2797 1287 2862 moepit
1306 2795 1388 2847 vind.

173 2864 282 2914 decreto
304 2859 375 2930 curn]
400 2861 447 2915 Sic
470 2861 550 2915 Vinci.
596 2862 751 2913 decretorem
776 2863 824 2916 Gr.
842 2860 955 2926 δέχοιτο.

139 2932 226 2984 Neob.
261 2930 309 2983 Gr.
328 2928 445 2995 occupem
461 2924 532 2998 persi
548 2928 601 2989 sit·
807 2929 883 2983 oncis
911 2934 966 2981 tres
994 2926 1099 2995 uncias]
1127 2928 1172 2981 Sio
1195 2929 1274 2981 Vind.
1298 2930 1389 2984 Neob.

173 3000 254 3049 lalses
272 2997 379 3062 musas]
397 2997 444 3049 sie
456 2996 535 3049 Vind.
553 2996 641 3048 Neob.
674 2994 750 3061 subm
774 3005 826 3050 tres
843 2999 931 3047 sinesin
947 2999 1018 3047 curlo
1037 2997 1086 3047 Vul
1108 3012 1151 3047 o.·

139 3069 223 3116 rosels
242 3067 337 3129 Vulgo.
526 3131 532 3141 .
699 3125 706 3143 ἱ
733 3120 740 3139 ,
808 3059 943 3119 titul.
961 3059 1066 3118 Pllffl.
1088 3012 1153 3131 ξλ.
1187 3061 1321 3132 stetimus]
1341 3065 1390 3119 Sic

173 3132 234 3196 hoc]
254 3133 398 3184 SioNeob.
432 3131 492 3182 inec
502 3130 579 3182 Vrnd.
615 3131 663 3183 Gr.
673 3142 751 3179 oeso-
776 3131 855 3187 vind.
888 3133 1001 3183 testimon
1018 3133 1131 3184 Neob..

173 3214 332 3268 quoeunque
351 3195 478 3266 persona]
502 3196 751 3250 stetinenses.
785 3196 990 3266 institutione]
1007 3205 1034 3250 to
1049 3202 1203 3252 institstione
1214 3199 1302 3252 Neob.
1337 3199 1389 3254 Gr.

139 3284 306 3335 quemcunque
321 3282 454 3333 mannans
475 3266 570 3330 l‘tllgo.
776 3260 937 3323 lenocineris.

174 3333 339 3401 excepimus]
352 3333 398 3386 sie
407 3334 486 3385 Vind.
520 3330 751 3400 enclplmscNeob.
809 3331 958 3400 sensimus]
975 3338 1105 3387 mereim
1122 3335 1226 3401 Neob.,
1248 3334 1296 3386 sed
1316 3335 1391 3389 litte-

141 3399 362 3470 (intimamus.
775 3419 823 3455 ree
848 3419 865 3452 n
890 3403 991 3454 lineola
1021 3419 1052 3454 sn
1075 3402 1147 3454 erius
1179 3401 1306 3471 imposita
1338 3409 1391 3458 est.

174 3467 368 3538 cornpetenter]
401 3469 447 3522 Sie
473 3468 551 3521 vind.
596 3473 753 3534 coupstetusr
777 3470 855 3522 Vimd.
872 3473 1007 3521 sancimen.
1070 3487 1091 3523 r.
1109 3469 1307 3537 ἔθεσπίσαμεν.

55 3530 58 3539 ’
140 3540 228 3591 Neob.
810 3535 989 3605 occasionem]
1003 3537 1135 3591 stevtno.
1168 3541 1280 3589 ocensioe
1289 3539 1392 3608 Neob.,

141 3604 383 3727 Nambtennptiales]
403 3603 448 3657 Sio
462 3603 542 3656 vind.
576 3610 635 3655 oste
649 3605 753 3668 nptias
777 3607 826 3728 ppei
843 3605 938 3683 litteris
945 3621 983 3722 ps
999 3606 1098 3659 lineola
1115 3605 1324 3674 superimposito
1338 3614 1392 3662 est.

168 3691 228 3726 eo.
630 3700 633 3705 ·
805 3690 827 3725 r.
844 3687 864 3722 n
886 3689 901 3723 o
920 3688 943 3721 m
962 3687 998 3722 ιν.

175 3739 258 3809 etde]
271 3739 500 3794 savonensem.
529 3739 613 3792 Deest
622 3739 751 3804 revolso.
810 3688 984 3808 dimilrdetur]
1013 3740 1059 3794 Sie
1083 3739 1161 3792 vind.
1207 3741 1394 3796 demitteretur

142 3812 190 3863 Gr.
208 3814 262 3860 καί.
776 3808 874 3874 Neob.,
891 3808 962 3879 qnod
981 3808 1061 3861 enam
1079 3809 1168 3874 Vulgo
1181 3806 1303 3861 habetor.
1340 3811 1392 3864 Gr.

174 3875 246 3946 ipso]
276 3876 321 3928 Sic
344 3876 431 3929 Neob.
474 3876 557 3941 ipsust
579 3873 659 3927 Viud.
703 3872 753 3925 Gr.
776 3875 965 3928 ἐλαττοῦσθαι.

143 3947 206 4013 nepl
225 3940 291 3994 αι’·τό
310 3943 396 3994 τοῦτο.
811 3940 886 4012 pars]
905 3942 951 3996 Sic
969 3941 1058 4009 Vino,
1076 3942 1198 3995 deestis
1216 3945 1304 3996 Neob.
1340 3945 1394 3999 Gr.

175 4011 435 4079 circumscriptiones
463 4007 572 4076 multas]
601 4007 754 4062 Sic-Vind,
778 4002 1000 4078 τεταρτημόριον.

142 4084 297 4132 circumsetm
313 4094 383 4131 reso
398 4079 492 4130 sssltos
499 4079 599 4144 Neob.,
616 4077 664 4128 sed
681 4076 755 4128 litte·
813 4075 890 4146 istss]
908 4094 919 4127 s
935 4081 1002 4131 otas
1017 4079 1115 4147 Neob.,
1134 4078 1181 4130 sed
1200 4077 1306 4130 litterae
1320 4083 1332 4133 i
1340 4079 1396 4134 oin-

143 4164 190 4266 p'se
210 4147 292 4267 petitori
310 4164 326 4197 o
342 4145 756 4266 litledlrptlmpllldlsi'eidrllcddt
780 4147 937 4267 puellpllug]
957 4146 1100 4215 impositus
1122 4152 1303 4215 pnnetnmqne
1328 4151 1396 4201 snb-

163 4232 195 4267 ee
227 4230 360 4265 rereeo
440 4230 510 4265 cnm
595 4231 610 4265 e
779 4232 805 4267 re
852 4230 877 4265 m
912 4230 946 4265 s.

143 4285 231 4349 Vulgo
249 4285 341 4333 multus
359 4230 608 4349 eil'cunmcriptt'oues.
644 4281 756 4334 Grate-
813 4278 951 4348 cedentes]
969 4280 1016 4334 Sic
1032 4280 1111 4348 ¹l'ind.
1129 4281 1216 4335 Neob.
1257 4286 1396 4338 cunm

143 4347 284 4418 poppaeae
301 4342 411 4406 πολλάς.
781 4358 818 4402 les
834 4350 932 4416 Vulgo.

155 4417 276 4484 legem]
300 4417 347 4470 Sic
368 4416 457 4472 Neob.
499 4418 565 4484 lepos
588 4414 666 4468 Vind.
707 4415 756 4469 Gr.
815 4418 890 4469 eume
908 4411 998 4481 aliter]
1019 4415 1066 4468 Sic
1084 4416 1163 4472 Vino.
1184 4418 1272 4471 Neob.
1315 4422 1396 4475 alites·

144 4480 243 4549 νόμον.
781 4487 853 4538 essm
870 4484 968 4550 Vulgo.
1002 4482 1051 4537 Gr.
1067 4484 1165 4549 βουλῆς
1180 4476 1277 4544 citime.

180 4553 219 4620 ut]
238 4550 485 4618 sicliniensem,
503 4550 652 4616 sequlgo
669 4547 755 4605 deest·
815 4552 866 4604 ede
885 4548 1234 4630 monemlcdeptioseNeob.
1267 4555 1396 4623 adempte-

145 4623 193 4676 Gr.
212 4614 291 4671 ‹iore-
780 4635 851 4674 esem
867 4569 947 4672 l'rod.
982 4619 1032 4674 Gr.
1049 4619 1151 4685 κτῆσιν.

179 4687 290 4754 debere]
310 4688 357 4740 Sic
365 4685 444 4740 tino.
478 4686 575 4738 clellem
591 4685 690 4753 Neob.,
707 4686 756 4738 sed
814 4686 1133 4753 consnlstnslllloNsob.
1162 4690 1394 4748 romlotssvirsd.

145 4757 251 4811 litterae
268 4759 279 4810 s'
296 4760 423 4825 prunetum
440 4754 590 4809 subiectum
597 4758 650 4810 est.
683 4754 757 4809 Sene
815 4754 1151 4826 preelecturselsiollind.
1173 4757 1395 4825 presectsstols.
