3038 5198
161 270 223 333 aaa
554 270 677 339 x'xxrv.
710 285 760 337 nu
777 284 1014 338 consumans.

153 419 261 487 'emnia
282 416 494 507 expendentes.
537 417 667 486 Sinera
689 419 793 485 tomo
816 440 870 506 spa
892 419 967 483 lucri
988 420 1111 484 maioris
1123 421 1212 519 etiam
1223 442 1409 510 praecauen-

160 504 244 570 disse
264 504 403 589 contigit,
422 513 527 591 postea
548 526 620 569 vero
642 510 693 569 aut
714 503 801 585 nihil,
822 515 873 569 ant
894 506 990 569 minus
1012 506 1150 593 accipiat,
1172 521 1261 570 auam
1274 507 1412 573 damnum

160 600 194 655 et
219 588 349 653 debitum
376 589 512 669 habebit,
540 598 570 653 et
590 589 690 678 plagis
712 602 743 653 et
762 589 934 654 vulneribus
956 602 986 653 et
1008 611 1047 653 ex
1069 590 1126 653 hoc
1148 589 1234 654 malis
1257 592 1412 657 incarrere

161 674 298 759 uagitum
319 674 345 737 si
369 684 466 737 autem
489 673 639 738 mediocre
660 676 700 738 sit
722 673 799 759 quod
821 675 985 761 spargitur,
1008 688 1062 738 uec
1083 675 1275 739 vehementer
1289 689 1411 740 conten-

161 758 243 839 deut,
264 778 321 821 uec
340 769 479 843 quaestus
499 766 709 845 exspectantes
730 758 911 823 abundantia
933 759 1056 823 vulnera
1078 770 1107 823 et
1128 759 1234 858 plagas
1257 761 1412 827 alterutris

160 843 240 907 ultra
260 864 427 907 mensuram
449 844 569 907 dabunt.
613 842 742 929 ldeeqne
763 864 946 908 communem
969 843 1184 931 providentiam
1198 846 1413 910 introducimus

161 950 202 993 ex
224 927 280 991 hac
300 926 371 1013 lege
392 937 422 992 et
443 926 592 991 communi
613 928 796 1015 reipublicae
817 928 952 1013 figurae,
978 941 1122 1015 quaetenus
1144 940 1256 1015 tempas
1280 933 1410 995 habeant

160 1022 230 1101 post
250 1012 405 1101 imperium
428 1022 459 1075 et
480 1011 611 1076 consulis
633 1013 734 1097 iugem
756 1013 928 1077 memoriam
950 1023 1037 1098 atque
1061 1013 1233 1077 vocabulum
1249 1016 1281 1077 iu
1298 1015 1413 1101 glorio·

160 1096 291 1163 sissimis
313 1096 426 1161 nostris
448 1097 596 1162 iudicibus
617 1108 648 1162 et
668 1098 718 1183 qui
740 1119 779 1162 ex
802 1098 931 1161 maxima
953 1098 1036 1162 curia
1058 1108 1136 1178 suut,
1165 1098 1294 1183 eoquod
1318 1101 1414 1163 loono·

161 1386 168 1398 ·
195 1366 218 1418 si
235 1364 313 1485 uero}
337 1364 384 1419 Sia
400 1364 479 1419 vind.
504 1367 594 1420 Berol.
611 1368 698 1421 Neob.
732 1384 774 1420 son
832 1382 882 1419 nee
900 1367 1040 1447 quaestus]
1066 1376 1197 1435 acquestus
1220 1368 1294 1419 illan.
1312 1368 1412 1433 Neob.,

160 1434 246 1496 Mem,
263 1451 293 1487 se
329 1434 439 1486 ultimae
448 1434 554 1488 litterae
563 1435 663 1488 lineola
673 1435 774 1489 iniecta
798 1435 848 1487 sed
865 1439 894 1487 ut
911 1450 939 1486 m
957 1442 1039 1502 cont,
1056 1436 1136 1488 vino.
1151 1436 1241 1487 Berol.
1253 1434 1364 1499 luabeut3
1382 1452 1413 1486 aaa

160 1508 213 1567 est,
231 1508 260 1553 ut
277 1500 313 1553 alt
329 1504 391 1553 siae.
426 1502 475 1555 Gr.
492 1504 518 1553 el
534 1502 575 1555 dt,
798 1520 845 1569 qnae
861 1510 918 1553 arant
938 1504 957 1553 l.
992 1504 1041 1554 Gr.
1059 1500 1122 1553 οὐδὲ
1142 1499 1171 1552 τὸ
1189 1503 1237 1551 roi·
1256 1498 1354 1567 πόρου.

195 1570 286 1621 forsan
323 1568 370 1621 Sic
388 1568 468 1623 Vind.
484 1570 559 1623 Mon.
577 1570 665 1671 Neob.
681 1571 773 1622 Berol.
833 1571 1033 1638 exspectantes}
1057 1578 1210 1635 aspectantes
1232 1572 1338 1635 Neob.,
1363 1572 1411 1622 sed

159 1636 271 1703 &meua
300 1636 379 1688 .an
400 1653 426 1689 o.
578 1652 588 1671 ·
799 1653 882 1706 surpra
899 1638 1013 1689 litteram
1032 1656 1045 1689 e
1062 1639 1152 1690 littera
1168 1656 1189 1687 a
1206 1638 1294 1705 posita
1304 1644 1354 1690 est.

159 1704 610 1825 atltlt‘trlttatl„ltffl‘
627 1722 658 1772 ‘¹'
675 1712 775 1774 ‘lm
798 1706 1412 1825 «ollllllll‘'lulll‘l‘lll0l¹'¹‘'}lilll

232 1814 235 1819 .
362 1807 370 1822 .
419 1800 432 1823 τ
448 1813 456 1828 ‚
491 1804 508 1821 ,ι
563 1811 569 1823 .
1067 1812 1073 1824 .
1252 1811 1258 1822 ,
1341 1814 1346 1823 ,
1405 1812 1414 1827 0

193 1838 286 1907 etiam]
304 1839 351 1892 Sic
370 1840 447 1892 vind.
464 1842 556 1892 Berol.
573 1842 672 1907 Neob.,
696 1842 774 1893 deest
799 1842 893 1892 Potest
911 1846 999 1892 tanuen
1017 1794 1171 1893 ‹rbuanllnoltin
1190 1857 1238 1908 pro
1258 1790 1413 1906 rrelunro'ge-

159 1906 187 1961 in
206 1908 281 1959 Mon.
315 1908 363 1959 Gr.
381 1910 436 1959 ant.
798 1924 864 1960 uere
890 1909 1003 1986 plumalis
1030 1909 1133 1960 ailmeri
1160 1908 1267 1972 haberi,
1298 1915 1327 1959 nt
1351 1926 1413 1961 cuna

192 1973 318 2042 contigit]
337 1975 383 2027 Sic
396 1975 475 2029 Viud.
492 1976 567 2027 lllou.
581 1976 774 2029 Neob.Berol.
800 1977 911 2029 Graecus
928 1967 1060 2041 ἄφθονον
1077 1976 1193 2043 πρᾶγμα
1212 1975 1364 2031 conveniat.

160 2044 180 2095 Ι.
220 2046 350 2109 ωκῐὶῃηίί
369 2044 464 2108 Vulgo.
506 2044 682 2095 indicativum
707 2059 773 2095 sane
832 2042 955 2111 uulnera]
981 2046 1009 2094 ln
1028 2044 1105 2095 Trid.
1130 2050 1209 2095 antea
1226 2044 1340 2095 liabetur
1357 2060 1413 2096 vox

158 2110 267 2163 modum
285 2110 365 2161 etiam
383 2110 490 2163 Graeca
508 2110 671 2179 praeierunt.
797 2114 846 2176 ael,
864 2127 934 2179 quiae
952 2111 979 2161 in
997 2111 1108 2179 reliquis
1126 2112 1212 2176 deest,
1229 2128 1279 2162 uec
1297 2112 1412 2163 Graecis

192 2174 319 2246 accipiat]
347 2177 395 2231 Sic
419 2178 510 2230 Berel.
536 2178 614 2231 Trid.
660 2180 772 2243 recipiat
797 2178 926 2231 firmatur.
962 2179 1321 2241 caeterumnernuuoen,
1338 2180 1412 2247 quod

157 2246 239 2299 Viud.
264 2246 338 2298 Mon.
363 2247 459 2300 Hamb.
484 2248 557 2299 l’ort.
581 2248 602 2299 l.
643 2249 773 2308 excipiens
798 2247 906 2315 quidem
919 2262 974 2298 sec.
985 2264 1020 2300 m.
1031 2246 1158 2313 correxit,
1176 2254 1206 2298 ut
1217 2246 1244 2298 iu
1255 2252 1325 2299 cont.
1361 2248 1412 2301 Gr.

156 2314 257 2379 Raab„
274 2312 347 2381 qnod
364 2320 453 2366 tamen
471 2330 525 2367 seo.
543 2331 579 2365 m.
597 2312 715 2366 correxit
728 2331 773 2364 nc·
798 2309 914 2379 πληγάς.

157 2382 260 2447 deleas.
296 2382 345 2433 Gr.
361 2377 483 2446 ladmen.
832 2388 860 2433 et
872 2379 978 2449 plagas}
991 2380 1121 2433 Sicvinn.
1131 2381 1206 2433 Mon.
1216 2383 1304 2433 Neob.
1318 2382 1412 2434 Berol.

192 2446 285 2517 etiam]
309 2448 356 2501 Sic
373 2448 453 2500 Vind.
477 2450 552 2501 Meu.
570 2450 661 2501 Berel.
696 2450 731 2499 nd
747 2456 771 2499 et
798 2450 895 2501 Hamb.
919 2449 996 2501 'l'rid
1038 2456 1061 2500 et
1080 2451 1164 2514 pluuia
1188 2450 1207 2498 l.
1250 2457 1294 2500 nat
1316 2452 1414 2515 planus

156 2518 261 2583 Neob.,
284 2516 333 2569 sed
356 2532 411 2571 aec.
434 2533 527 2569 manus
544 2516 651 2569 litterae
668 2518 685 2567 d
702 2533 770 2585 puu—
796 2518 882 2583 Port,
893 2518 965 2585 quod
979 2518 1058 2567 etiam
1067 2517 1153 2581 Vulgo
1165 2516 1288 2568 liabetur.
1325 2519 1413 2569 luter-

157 2590 229 2639 etnm
247 2584 362 2639 subiecit
379 2584 621 2653 aesnperpasnitt.
657 2584 770 2637 Grmnt.
796 2600 858 2651 pres
876 2585 1001 2636 videlieet
1025 2600 1083 2635 cum
1107 2584 1239 2653 duplicem
1257 2586 1412 2637 versionem

190 2650 328 2721 damnum]
345 2654 480 2717 &manans
497 2654 584 2705 Neob.
795 2654 869 2704 vocis
894 2647 1001 2718 πληγὰς
1017 2652 1181 2719 invenisset,
1208 2660 1348 2720 utramque
1366 2670 1414 2705 re—

189 2726 219 2773 et
241 2720 372 2840 emitum]
400 2721 446 2773 Sic
465 2720 544 2772 Viud.
568 2721 656 2773 Neob.
677 2720 769 2772 Berol.
796 2720 884 2771 tinuit.

154 2796 201 2843 ant
217 2788 411 2841 debltansdon.
445 2790 580 2857 interpres
589 2787 770 2839 videlicetuo-
829 2786 1034 2851 introducimus]
1053 2786 1190 2839 Siclliud.
1224 2789 1414 2839 introducimus

155 2872 214 2909 eam
232 2850 507 2923 προσοφλισκάνειν,
534 2873 587 2923 quun
613 2858 698 2906 donini
715 2858 770 2907 dati
794 2857 815 2909 l.
833 2856 908 2908 dion.
925 2856 1013 2906 Neob.
1031 2856 1121 2906 Berol.
1157 2855 1205 2906 Gr.
1223 2853 1352 2921 ἱστῶμεν.

154 2926 286 2991 reparatio
301 2924 477 2989 significatur,
495 2940 548 2975 uon
566 2923 708 2975 intellexit.
829 2922 890 2987 lunc]
919 2940 950 2973 nc
973 2922 1078 2988 Neob.,
1113 2922 1160 2973 sed
1185 2938 1266 2989 snpra
1293 2923 1411 2974 litteram

190 2996 218 3041 et
229 2989 329 3057 plagis]
341 2991 769 3056 HaecinNeoe,bisseriptssunt
795 3008 812 3039 n
830 3006 884 3041 sec.
912 3006 1005 3041 uranus
1032 2990 1149 3041 litteram
1175 2990 1191 3039 d
1212 2988 1314 3059 nouauit.
1359 2992 1411 3042 Gr.

156 3058 204 3109 sed
223 3060 305 3109 semel
321 3062 425 3125 punctis
436 3057 564 3110 sirbiectis
583 3059 700 3110 deletum
718 3064 769 3109 est.
795 3056 826 3107 ln
843 3055 932 3107 τοῦδε.

190 3130 219 3176 ct
236 3125 400 3190 virlnerihus]
425 3128 471 3177 Sic
490 3126 568 3175 Vind.
587 3126 661 3176 lllou.
680 3126 769 3177 Neob.
830 3124 867 3189 et]
887 3123 933 3176 Sic
947 3124 1025 3175 Vind.
1043 3124 1118 3176 dlou.
1142 3126 1232 3175 llerol.
1274 3126 1300 3173 lu
1320 3124 1410 3175 Neob.

155 3192 298 3245 aulonitana
315 3192 423 3259 Berot,
446 3193 494 3245 sed
518 3209 600 3260 surpra
617 3194 721 3244 litteras
738 3210 770 3242 aas
795 3192 862 3243 haee
879 3208 933 3242 uox
950 3195 1030 3257 plane
1048 3208 1101 3242 nou
1119 3200 1169 3243 est.
1205 3193 1253 3243 Gr.
1269 3195 1325 3243 ant.

156 3276 174 3313 a
189 3260 309 3321 secanda
326 3276 405 3311 uranu
429 3268 454 3313 et
477 3258 605 3329 scriptum
629 3267 679 3313 est.
721 3260 769 3312 Gr.
830 3257 974 3325 communi]
992 3262 1127 3310 consoranis
1144 3261 1218 3311 lton.
1254 3260 1302 3309 Gr.
1316 3260 1410 3323 κοινῷ.

156 3326 205 3378 aet
220 3320 369 3394 τραύμασι.
829 3334 935 3394 tempus
954 3326 1079 3393 habeant]
1099 3328 1145 3378 Sic
1156 3327 1234 3377 Viud.
1251 3328 1339 3378 Neob.
1355 3328 1410 3377 lle-

189 3392 280 3463 malis]
299 3397 328 3447 lu
346 3396 420 3447 Mon.
438 3396 541 3461 syllaba
557 3413 600 3447 nau
617 3412 633 3447 a
650 3397 771 3448 secanda
796 3397 846 3447 rol.
894 3395 1102 3459 temporishabent
1131 3398 1150 3444 l.
1175 3396 1271 3458 Vulgo.
1318 3395 1410 3445 dolent

156 3478 236 3515 mauu
253 3462 388 3531 adscripta
406 3470 455 3514 est.
491 3464 539 3516 Gr.
557 3466 660 3519 κακοῖς.
795 3472 891 3528 tenipus
908 3464 999 3527 llam,
1026 3463 1097 3530 quod
1122 3467 1211 3513 tamen
1235 3462 1409 3513 collocationi

187 3530 339 3594 incurrere}
358 3534 368 3581 l
384 3532 578 3597 inmortalem,
596 3533 644 3583 sed
663 3532 768 3584 litterae
793 3533 937 3583 uerborum
973 3532 1139 3583 Graecorum
1174 3536 1266 3597 aperte
1301 3538 1410 3581 eontra-

155 3598 167 3648 Ι
183 3607 282 3667 plancta
298 3598 418 3651 subiecta
436 3605 508 3665 suut,
527 3616 559 3651 ac
571 3600 688 3668 denique
700 3616 716 3651 a
726 3618 769 3651 se-
793 3599 862 3651 rium
880 3606 931 3649 est.

156 3667 245 3717 cunda
261 3682 340 3717 mauu
359 3674 519 3732 correctum,
537 3674 567 3718 ut
584 3667 611 3719 iu
629 3675 765 3721 contextu.
827 3663 929 3732 iugera]
953 3666 999 3717 Sic
1016 3664 1096 3716 Vind.
1119 3666 1193 3715 Mon.
1211 3664 1300 3714 Beral.
1318 3665 1408 3715 Neob.

157 3734 206 3785 Gr.
224 3736 408 3799 περιπίπτειν.
793 3738 822 3786 ln
841 3736 937 3785 Harub.
956 3733 1034 3784 'l'rid
1052 3733 1147 3783 deesse
1165 3734 1213 3783 Os.
1231 3736 1315 3784 notat.
1349 3736 1408 3782 irso-

189 3798 308 3865 cogitnr]
325 3801 372 3853 Sic
388 3801 467 3855 vind.
485 3803 560 3859 ltlon.
577 3805 665 3857 Neob.
676 3805 768 3856 Berol.
790 3820 851 3871 aare
868 3805 887 3853 l.
923 3803 971 3853 Gr.
990 3799 1129 3860 διηνεκῶς.

157 3870 177 3921 Ι.
212 3876 312 3933 ceaster
329 3868 428 3933 Vulgo.
828 3868 920 3938 atque]
940 3870 986 3920 Sic
1006 3868 1083 3919 Vind.
1102 3868 1192 3919 Berol.
1209 3866 1283 3918 dion.
1325 3868 1410 3935 ndqne

189 3932 243 4016 'l‘l
255 3936 301 3988 Sic
319 3936 398 3989 Vind.
414 3938 505 3991 Neob.
521 3938 613 3993 Berol.
646 3940 676 4005 fil
693 3941 768 3991 Mon.
794 3940 882 3993 Neob.

157 4004 208 4057 Gr.
228 4022 253 4072 ῃ.
827 4002 1000 4071 vocabulum]
1025 4003 1110 4053 Antea
1137 4001 1165 4051 in
1192 4000 1280 4052 Neob.
1310 4018 1326 4050 n
1352 4018 1409 4055 sec.

189 4070 273 4139 quod]
298 4072 358 4123 Hoc
381 4070 409 4122 ia
427 4073 502 4125 Mau.
519 4090 536 4125 a
553 4076 672 4129 secunda
688 4092 767 4127 maun
794 4090 873 4126 mann
892 4072 1022 4139 scriptum
1041 4076 1083 4120 est
1098 4086 1137 4131 oo,
1156 4069 1325 4135 quodtnmeu
1338 4087 1409 4120 ase-

156 4141 185 4192 in
202 4138 273 4190 linea
289 4138 452 4207 aalscriptam
471 4147 520 4193 est.
555 4144 603 4197 Gr.
620 4138 652 4197 τὸ
669 4140 769 4213 danuci-
793 4143 880 4193 oranda
892 4156 969 4190 aaaron
980 4136 1345 4205 priuatissubiectisdeletnm
1357 4148 1408 4190 est.

155 4220 253 4274 μενον.
298 4207 378 4261 Quod
405 4214 500 4275 postea
525 4210 554 4262 in
579 4212 654 4265 Mon.
678 4212 766 4263 statim
828 4206 867 4275 iu]
891 4209 937 4258 Sic
956 4206 1034 4257 vind.
1058 4206 1150 4269 illam,
1177 4205 1296 4254 alcestin
1315 4206 1407 4258 Berot.

156 4272 298 4327 subiicitur
311 4276 420 4341 quidem,
437 4274 554 4329 inViud.
572 4281 659 4332 Neob.
678 4282 767 4333 lierni.
792 4279 881 4330 Neob.
899 4278 917 4326 l.
954 4274 1002 4324 Gr.
1022 4270 1061 4321 ἰν.

157 4356 214 4393 neu·
228 4346 280 4407 en,
297 4356 348 4393 nec
363 4356 430 4395 sane
447 4344 559 4399 Graecis
575 4348 705 4399 firmatur.
826 4340 884 4411 quui]
902 4341 949 4393 Sic
967 4340 1047 4392 Viud.
1065 4340 1139 4389 Mon.
1157 4339 1258 4403 Neob.,
1284 4339 1360 4390 deest
1379 4341 1407 4391 iu

190 4406 372 4477 uehementer]
387 4410 521 4463 eelenuner
531 4414 608 4465 vind.
643 4416 769 4467 ordenan-
792 4413 894 4473 Baral,
912 4410 958 4460 sed
973 4407 1117 4458 asecunda
1129 4422 1205 4457 manu
1216 4409 1406 4473 sapralinearu

157 4486 195 4529 ter
217 4478 320 4537 Neob.,
348 4476 397 4527 sed
420 4477 510 4530 littera
534 4483 621 4534 inedia
645 4484 693 4534 da
711 4498 766 4534 sec.
794 4480 911 4549 positum
931 4477 1041 4541 estqui.

157 4562 236 4597 mauu
253 4542 355 4613 sumpta
369 4548 420 4597 eat.
826 4542 911 4615 quood]
929 4543 975 4594 Sic
994 4541 1088 4606 Viud.‚
1106 4541 1154 4591 sed
1172 4556 1254 4607 sauma
1272 4541 1370 4593 lineam
1389 4561 1405 4593 a

190 4610 365 4680 corrtemleut]
383 4610 767 4670 sioVino.n10n.Neoa.ne-
791 4612 911 4668 secunda
928 4625 1007 4660 maun
1027 4611 1145 4676 positum
1157 4612 1195 4672 qt.
1231 4608 1279 4660 Gr.
1290 4603 1369 4660 dreini.

156 4684 222 4746 rol,
245 4680 292 4733 sed
311 4682 338 4732 in
358 4680 443 4734 Neob.
465 4696 519 4733 aee.
537 4700 630 4735 uranus
648 4684 767 4737 correxit
826 4676 971 4745 honorare]
989 4676 1035 4728 Sic
1047 4677 1125 4727 Viud.
1144 4677 1218 4727 Mon.
1236 4675 1326 4729 llerol.
1360 4679 1404 4728 lao-

157 4750 312 4801 contendnat.
347 4748 396 4800 Gr.
414 4746 663 4815 φιλονεικὴσουσιν.
790 4766 851 4804 nore
867 4749 955 4799 Neob.
991 4746 1040 4797 Gr.
1059 4746 1149 4811 τιμᾶτ’.
