3038 5198
135 271 199 338 452
250 287 346 341 xum.
378 287 428 342 DE
444 288 692 345 uueostrtortss
708 290 877 358 ΑΝΊἮΙΜΙ,
894 290 1026 344 savum
1043 291 1092 344 ut·
1110 292 1267 346 zoom.

136 421 288 488 ctissime
317 421 462 507 ecclesiae
493 430 595 511 utpote
621 422 702 487 nullo
727 423 812 487 modo
835 423 893 487 sibi
915 432 1127 511 competentem
1153 442 1256 489 contra
1279 445 1380 492 omnee

134 506 320 570 venerabiles
342 528 471 571 οοοοοοο
492 507 677 572 invadentem
700 508 811 588 sedem,
833 510 981 572 communi
1002 531 1072 573 vero
1095 509 1215 574 decreto
1232 520 1262 574 et
1286 512 1380 597 ipsine

135 600 256 655 sanctae
287 593 447 657 memoriae
479 592 537 656 viri
568 593 667 681 prius,
695 603 724 656 et
752 593 800 656 bic
828 593 969 657 celebrati
998 594 1077 658 sacri
1099 594 1219 659 concilii
1243 595 1379 660 condem·

135 683 235 740 netum
267 685 353 776 atque
381 677 564 762 depositum,
598 699 634 741 eo
663 677 738 762 qnod
771 699 789 740 a
820 678 910 740 rectis
942 678 1095 743 recederet
1116 679 1323 763 dogmatibus,
1350 690 1380 743 et

134 781 210 847 quae
231 761 366 847 primrtus
389 759 591 848 multipliciter
611 762 765 825 videbatur
786 761 934 848 amplecti,
956 775 1059 849 postea
1081 762 1207 826 diversis
1219 763 1378 828 declinavit

133 844 335 933 opinionibuS,
364 846 481 930 lingens
504 844 620 931 quidem
643 858 779 932 quattuor
801 868 834 908 se
855 859 973 909 sanctas
994 846 1127 932 synodos
1149 848 1233 932 sequi
1256 851 1299 926 (et
1320 862 1377 912 tre·

134 939 285 993 centorum
308 929 410 993 decem
433 938 462 992 et
484 944 550 994 octo
572 941 688 1017 patrum
712 932 741 994 in
763 931 894 1009 Nicaea,
924 943 954 994 et
975 932 1187 1017 quinquaginta
1209 947 1240 994 et
1261 944 1376 997 centum

39 1018 47 1027 “
135 1017 163 1076 in
197 1015 252 1077 bac
275 1013 356 1078 felici
377 1016 467 1094 urbe,
500 1014 582 1078 etin
603 1014 628 1077 E
651 1015 827 1101 luesopcios
850 1029 1100 1100 congregatorum
1123 1016 1326 1098 ducentorum,
1348 1027 1377 1080 et

133 1097 189 1161 deo
216 1099 387 1163 amabilium
414 1109 529 1186 patrum
559 1037 748 1163 Chalcedone
775 1110 981 1163 sexcentorum
1012 1102 1163 1186 triginta),
1192 1121 1250 1164 nou
1280 1115 1374 1165 tamen

132 1232 178 1284 Sic
196 1232 274 1284 Vind.
292 1234 368 1285 Mon.
385 1233 473 1284 Neob.
511 1235 686 1284 οοοοίίοοὶοοοο
702 1251 742 1284 ro
800 1233 906 1300 postea]
923 1234 968 1286 Sic
979 1234 1057 1287 Vind.
1080 1242 1137 1300 preat
1147 1238 1178 1285 eri
1190 1235 1278 1287 Neob.
1301 1252 1375 1302 prce-

131 1301 223 1352 clecr'ae
240 1304 357 1367 antiquae
373 1303 469 1352 Ronme
484 1301 598 1366 pontifice
617 1301 713 1366 Vulgo.
764 1301 923 1353 tertullien.
958 1303 1017 1352 baec
1034 1305 1129 1353 decumo
1149 1303 1244 1367 Vulgo.

164 1366 271 1436 utpote]
289 1367 334 1420 Sic
352 1368 432 1420 vind.
470 1370 557 1433 nrptto
573 1368 670 1437 Neob.·
701 1376 741 1419 ut-
800 1367 953 1436 ‹leelinavitJ
965 1370 1009 1421 Sic
1018 1371 1105 1423 Neob.
1139 1371 1373 1423 ‹lcrlnrrrurotblom

131 1443 190 1502 pute
207 1437 281 1488 Mon.
314 1453 343 1488 eo
360 1438 424 1503 quod
440 1436 538 1501 Vulgo.
574 1437 620 1489 Gr.
640 1438 694 1488 ola.
765 1437 890 1486 declinare
926 1438 1020 1503 Vind.,
1062 1438 1139 1489 deest
1176 1438 1274 1502 Vulgo.
1325 1438 1373 1491 Gr.

155 1503 228 1571 eibi]
248 1503 334 1568 Vulgo
358 1503 499 1555 subiicitur
522 1506 588 1569 iper,
615 1505 687 1572 qnod
713 1504 740 1555 in
765 1501 918 1569 ἀπέφευγε.

130 1570 208 1621 Vind.
227 1571 300 1622 Mon.
318 1571 405 1624 Neob.
424 1587 477 1622 nou
495 1579 545 1623 ent.
648 1622 651 1629 ,
798 1571 982 1638 opinionibus]
1011 1573 1056 1623 Sic
1081 1572 1158 1623 Vind.
1188 1573 1263 1623 Mon.
1287 1573 1372 1626 Neob.

163 1637 371 1706 competentem]
396 1639 441 1691 Sic
460 1639 536 1691 Vind.
560 1640 634 1690 Mon.
652 1639 740 1690 Neob.
765 1640 954 1690 luctrntr'our'bus
975 1641 1186 1705 nu1bpr'tvutgo.

128 1707 389 1772 emroeerr'entevulgo.
423 1697 738 1771 Anlegitnpoop'eorrai
798 1708 902 1770 lingens
920 1705 1202 1774 quidem-nanctae]
1219 1724 1253 1758 ae
1270 1725 1299 1759 ne
1313 1724 1373 1760 cee-

163 1772 341 1841 venercbilee]
374 1773 420 1825 Sic
444 1774 521 1826 Vind.
553 1775 627 1826 blon.
651 1774 738 1825 Neob.
764 1781 819 1823 etue
836 1776 908 1826 Μοο.
950 1783 1065 1841 quattuor
1081 1783 1184 1825 orreretur
1206 1776 1303 1839 Vind.,
1326 1776 1371 1828 ned

127 1855 216 1891 eccrm
233 1842 329 1906 Vulgo.
365 1842 412 1894 Gr.
429 1838 546 1907 εὐαγεῖς.
764 1841 937 1908 briucort,
958 1844 1045 1895 Neob.
1086 1845 1372 1910 elurulnnnceqrrr'eae·

162 1909 290 1974 canones]
309 1926 428 1960 οοοοοοοο
452 1910 549 1974 Neob.,
579 1908 627 1960 ced
652 1907 737 1975 priori
763 1918 817 1959 erne
834 1918 950 1974 quattuor
964 1911 1060 1974 Vulgo.
1095 1911 1143 1961 Gr.
1161 1905 1369 1979 προσποιούμε-

127 1975 233 2027 litterae
258 1986 384 2042 punctnm
408 1977 635 2042 nnbiectunaent,
665 1977 736 2043 qnod
762 1991 809 2031 νος
820 1976 874 2040 μὲν
892 1982 950 2033 τοῖς
966 1980 1106 2045 τέτταρσιν
1122 1971 1222 2043 ἁγίαις.

72 2088 81 2105 ,
127 2050 169 2093 eet
185 2044 299 2094 delentis
317 2044 432 2108 rignum.
795 2041 884 2110 nequi]
907 2045 952 2096 Sic
971 2045 1049 2096 Vind.
1072 2046 1146 2097 Mon.
1164 2046 1270 2111 Neob.,
1295 2047 1371 2098 deest

158 2110 339 2176 invadentem]
370 2113 416 2164 Sic
438 2111 516 2163 Vind.
547 2111 623 2162 Μοο.
647 2109 734 2161 Neob.
761 2110 857 2174 Vulgo.
893 2112 941 2164 Gr.
958 2110 1128 2165 ἀκολουθεῖν.

124 2180 404 2243 ceintrreeerrrtVulgo.
429 2172 734 2241 Gndnerompdejouruc.
785 2185 821 2228 =et
844 2179 1034 2247 trecentorum]
1059 2182 1105 2232 Sic
1130 2180 1207 2231 Vind.
1231 2181 1307 2232 Mon.
1347 2188 1370 2234 et

158 2245 262 2314 nedem]
285 2247 331 2298 Sic
349 2246 427 2298 Vind.
455 2247 529 2297 Mon.
553 2246 641 2297 Neob.
681 2246 735 2297 redi
759 2254 922 2298 trecentorum
939 2256 962 2298 et
972 2248 1070 2311 Neob.,
1089 2249 1136 2300 ned
1147 2248 1256 2300 ultimae
1265 2249 1370 2301 litterae

124 2313 221 2378 Vulgo.
258 2315 306 2367 Gr.
326 2306 432 2380 θρόνῳ.
760 2321 858 2380 puncta
881 2314 1002 2366 subiecta
1026 2322 1096 2368 sunt.
1138 2315 1186 2366 Gr.
1211 2317 1242 2384 τῇ
1265 2331 1292 2367 re
1316 2315 1370 2365 τοῖν

157 2383 291 2433 communi
308 2380 384 2449 vero]
404 2381 449 2432 Sic
459 2380 539 2433 Vind.
558 2380 631 2431 Mon.
646 2380 733 2433 Neob.
758 2385 930 2446 τριακοσίων.
967 2384 1045 2437 Quod
1056 2388 1148 2450 postea
1160 2384 1249 2448 Vulgo
1262 2384 1370 2436 additur

121 2449 166 2499 aed
182 2456 206 2499 et
224 2453 345 2501 coromunr'
361 2450 459 2514 Vulgo.
495 2449 543 2501 Gr.
560 2449 638 2518 κοινῇ
654 2445 693 2497 dt.
758 2450 879 2513 uidelicet,
904 2450 931 2501 iu
950 2449 1028 2501 Vind.
1046 2451 1120 2502 Μοο.
1138 2451 1226 2503 Neob.
1244 2467 1299 2503 nou
1317 2459 1368 2519 eet,

155 2516 265 2569 decreto
292 2515 330 2583 et]
360 2516 407 2569 Sic
430 2516 509 2568 Vind.
537 2515 612 2567 Mon.
645 2515 733 2567 Neob.
758 2516 874 2584 ideoque
892 2518 1067 2570 omittendum
1086 2518 1314 2571 videbaturcene.

120 2588 243 2636 eeeteutr'o
261 2586 358 2649 Vulgo.
393 2585 441 2637 Gr.
460 2575 548 2650 ψήφῳ
565 2584 614 2633 τοῦ
631 2598 667 2636 re.
792 2584 895 2649 decem]
914 2587 976 2636 ‹lecr't
996 2575 1074 2636 Vind.

153 2650 274 2719 nanctae]
294 2655 340 2705 Sic
353 2652 430 2704 Vind.
443 2652 519 2703 Μοο.
553 2659 639 2703 cnrrcte
655 2653 732 2704 eccle-
791 2651 864 2718 octo]
883 2654 952 2704 boeto
969 2655 1057 2705 Neob.

118 2721 156 2770 eie
172 2720 271 2788 Neob.,
289 2722 360 2791 quod
379 2728 468 2773 tamen
483 2719 596 2773 Graecis
613 2735 667 2771 nou
684 2720 732 2771 lir-
790 2718 908 2788 patrum]
919 2721 964 2773 Sic
975 2721 1052 2772 Vind.
1063 2720 1138 2771 Μοο.
1172 2723 1270 2785 portuen
1279 2721 1367 2774 Neob.

119 2793 215 2840 matur.
755 2788 803 2839 Gr.
822 2792 956 2853 πατέρων.

153 2853 239 2922 prius]
258 2854 589 2907 SicVind.Mou.Ncob.
622 2857 730 2919 primum
787 2855 825 2920 in]
845 2856 890 2908 Sic
909 2856 986 2909 Vind.
1004 2856 1078 2907 Mon.
1113 2855 1225 2909 tNeob.

119 2921 215 2985 Vulgo.
251 2922 299 2974 Gr.
317 2917 461 2987 πρότερον.
788 2921 901 2989 Nicaea]
928 2925 1011 2975 Micca
1030 2924 1108 2975 Vind.
1150 2926 1274 2974 Ne'ceemm
1290 2924 1367 2977 Mon.

152 2988 190 3052 et]
210 2988 255 3040 Sic
265 2989 428 3041 Vind.Mon.
441 2988 530 3040 Neob.
563 2996 637 3054 utque
653 2991 729 3039 etium
753 2991 851 3040 Nr‘cerm
869 2991 956 3043 Neob.
992 2992 1040 3043 Gr.
1058 2989 1089 3041 ἐν
1105 2992 1217 3054 attrecta.

119 3054 215 3120 Vulgo.
263 3057 398 3124 luterpree
429 3056 511 3106 verba
534 3056 580 3106 illa
603 3054 729 3121 καὶμὴν
787 3056 980 3123 quinquaginta
990 3065 1016 3109 et
1027 3056 1196 3125 centumJSic
1206 3059 1365 3112 Vindbbon.

117 3138 172 3174 non
189 3122 295 3174 videtur
312 3123 339 3174 in
358 3123 470 3174 Graecis
486 3121 620 3172 babuisse.
753 3124 840 3175 Neob.
875 3132 971 3175 centum
987 3128 1164 3192 quioqunpr'ntn
1184 3127 1280 3191 Vulgo.
1315 3127 1365 3180 Gr.

151 3189 195 3241 hic
211 3189 350 3254 celebrati]
368 3189 415 3240 Sic
434 3189 510 3239 Vind.
544 3189 583 3239 bic
599 3188 730 3239 ceteterrie
753 3185 920 3250 πεντήκοντα
938 3192 985 3240 καὶ
1001 3190 1108 3243 ἑκατόν.

117 3256 192 3307 Μοο.
238 3257 285 3308 Gr,
310 3255 430 3306 ἐνταῦθα
447 3257 608 3321 γενομένης.
648 3256 729 3309 Prior
789 3257 849 3322 lunc]
873 3259 920 3309 bac
941 3260 1053 3323 ‹diffintoe
1070 3262 1160 3324 Μοο.,
1189 3261 1236 3312 ned
1264 3261 1364 3313 ultimis

116 3339 170 3376 vox
188 3325 215 3375 in
229 3324 316 3377 Neob.
334 3325 420 3391 deest,
437 3332 551 3391 utraque
567 3328 656 3374 autem
667 3325 730 3375 Vut-
753 3324 857 3376 duabus
875 3326 970 3379 litteris
988 3328 1230 3394 lineolaimpoeite,
1248 3327 1294 3380 bui
1331 3346 1366 3381 ue

116 3407 152 3458 go
170 3407 224 3443 non
243 3398 305 3463 ectu
753 3392 925 3445 vocitamen
949 3403 1046 3462 puncta
1069 3396 1278 3452 subiectarum.
1328 3397 1364 3451 ὀ.

150 3459 219 3511 uacci
237 3458 354 3524 concilii]
379 3457 425 3510 Sic
443 3457 522 3509 Vind.
547 3459 621 3511 Μοο.
638 3458 726 3511 Neob.
752 3457 784 3509 ἐν
800 3455 891 3529 ταύτῃ.

116 3544 208 3579 eocrrae
223 3529 312 3592 oport
328 3527 369 3579 lic
386 3528 526 3578 celebratae
543 3527 640 3591 Vulgo.
787 3528 862 3594 urbe]
881 3529 928 3582 Sic
946 3530 1024 3581 Vind.
1043 3533 1117 3583 Mon.
1135 3530 1222 3582 Neob.
1263 3534 1364 3585 ciuitate

150 3594 365 3658 condemnatum]
385 3594 431 3647 Sic
448 3595 526 3646 Vind.
544 3595 619 3648 Μοο.
636 3595 725 3648 Neob.
752 3594 848 3660 Vulgo.

114 3663 289 3714 condemnatae
308 3663 403 3727 Vulgo.
783 3662 1076 3731 llpbeno]E]]ecoMon.
1095 3664 1363 3730 [crabroNeub.,eed

99 3740 106 3753 ¹
149 3729 567 3798 etque]Sic{Vind.MomNeob.
593 3737 617 3782 et
627 3731 724 3795 Vulgo.
750 3730 1118 3800 priorilitteraecrpunctom
1137 3732 1287 3784 subiectum
1306 3741 1360 3786 eet.

59 3808 78 3845 a
148 3796 312 3865 depositum]
345 3799 391 3850 Sic
418 3798 496 3851 Vind.
526 3799 600 3850 Μοο.
636 3800 723 3850 Neob.
782 3801 869 3866 prius]
893 3801 939 3853 Sic
958 3800 1035 3852 vina.
1058 3801 1133 3851 Mon.
1151 3801 1238 3853 Neob.
1277 3804 1362 3865 prime

89 3820 241 3933 ιφοοιϊοο
257 3866 306 3930 fait
324 3866 419 3931 Vulgo.
750 3866 847 3932 Vulgo.

147 3933 288 3985 recederet
304 3930 724 3999 dogmatibuc]recederitdopmn-
782 3935 958 3987 ducentorum
982 3932 1021 4000 et]
1046 3935 1126 3989 Quod
1151 3941 1245 4002 postea
1269 3935 1359 4002 Vulgo

114 4001 182 4053 libne
210 4000 288 4055 Vind.
333 3999 386 4053 red'
412 4009 435 4052 et
461 4000 623 4065 dtyur'tntr'duc
649 4000 723 4051 Mon.
748 4002 856 4053 additur
884 4010 1055 4054 contacturum
1079 4006 1198 4068 triptota,
1228 4002 1255 4053 in
1280 4003 1360 4057 Vind.

112 4071 226 4121 recedere
250 4069 413 4134 dipee'tntr'due
435 4069 522 4120 Neob.
567 4068 723 4130 dopmotr'boe
747 4070 821 4122 Μοο.
839 4070 926 4122 Neob.
945 4071 1030 4135 deest,
1048 4070 1163 4137 ideoque
1181 4070 1360 4124 omittendum

111 4136 321 4201 receechulgo.
357 4129 722 4202 Garincpotradoypuitmv.
748 4136 814 4202 suit,
847 4153 896 4189 uec
927 4154 992 4189 naue
1017 4138 1044 4188 in
1072 4137 1184 4189 Graecia
1213 4145 1270 4195 ert.
1303 4154 1359 4207 qno

146 4203 228 4282 qnae]
245 4221 290 4275 qtee
307 4204 385 4255 Vind.
403 4204 476 4255 Mon.
746 4204 876 4256 firmetur.

112 4340 135 4392 v
145 4271 280 4392 primitus]
299 4271 344 4324 Sic
353 4271 429 4324 vind.
442 4271 517 4322 Mon.
528 4268 616 4320 Neob.
650 4271 723 4333 priua
782 4270 1015 4389 ‹leobrrlmnbipiupuJ
1033 4272 1166 4391 SizVirpd.
1178 4272 1255 4388 ltlpnd
1266 4273 1357 4351 lienb-

137 4357 152 4393 u
185 4355 210 4390 ο.
746 4354 834 4389 ueram
852 4355 921 4388 erum
957 4355 972 4388 n
1004 4354 1029 4390 o.
1091 4356 1112 4391 r.
1144 4354 1235 4390 corre
1257 4356 1358 4396 ποιουν.

146 4356 338 4473 ruirttipliciter]
364 4404 410 4456 Sic
432 4402 511 4455 Vind.
534 4404 609 4455 Mon.
633 4404 721 4457 Neob.
781 4404 962 4470 Chalcedone]
984 4354 1131 4458 geneceum
1159 4356 1234 4460 tlon.
1265 4408 1356 4464 Neob.

42 4526 46 4535 ¹
74 4502 82 4521 .
111 4473 454 4536 multotiesdr'lc'perrt'utgo.
478 4471 526 4522 Gr.
534 4467 718 4537 πολλαχόθεν.
748 4474 895 4525 Oolcedonie
918 4473 995 4524 Vind.
1034 4477 1062 4525 io
1086 4476 1239 4528 Obulrrdone
1255 4475 1354 4542 Vulgo.

51 4526 296 4606 9.·,νίι1ο1νοῑοη
321 4541 366 4592 Sic
391 4540 467 4590 Vind.
491 4539 579 4591 Neob.
623 4541 719 4592 uidetur
744 4541 793 4594 Gr.
811 4538 842 4589 dv
860 4532 1029 4603 Χαλκηδόνι.

21 4592 185 4687 ‘filiam
222 4612 269 4685 (ἐν.
288 4607 426 4685 ducturo.
776 4613 965 4660 eexcentorum
981 4607 1103 4676 triginta]
1121 4609 1167 4661 Sic
1183 4608 1262 4660 Vind.
1276 4611 1353 4665 Mon,

72 4690 86 4717 ⁸
145 4675 281 4744 amplectr]
312 4677 358 4725 Suc
383 4672 461 4725 Vind.
489 4673 564 4726 Μοο.
610 4676 719 4741 neplectl
743 4676 839 4738 Neob.,
857 4691 926 4743 qnae
942 4680 1032 4729 tamen
1050 4677 1137 4741 Vulgo
1155 4677 1261 4729 (imunt.

81 4746 209 4823 'w’
227 4744 303 4819 alpert
319 4742 415 4807 Vulgo.
448 4740 497 4795 Gr.
514 4741 645 4808 στέργων.
777 4759 831 4796 ιιοο
855 4742 955 4810 tamen]
978 4743 1024 4797 Sic
1048 4745 1136 4799 Neob.
1182 4760 1231 4797 erce
1253 4752 1353 4801 mm

60 4800 239 5011 ’'a‘'
329 4907 334 4919 .

258 5098 295 5169 ie
