3060 5228
134 261 197 324 43⁰
289 275 348 331 XL.
379 275 428 328 Dii
444 275 696 341 annuutiamus
713 275 751 329 ΙΝ
768 273 906 328 cuntant
918 276 1149 332 obturarent-s
1161 292 1226 334 arc.

220 406 299 478 ddl'.
325 406 377 478 lli.
423 408 535 484 Quodsi
558 409 756 493 legitimorum
780 407 907 474 filiorum
930 410 1022 475 luerit
1041 421 1137 497 pater,
1166 421 1235 478 tunc
1256 415 1385 482 res-de·

135 496 285 559 ceruouda
306 508 361 574 est,
390 505 484 559 rutrum
507 493 707 558 tantumnodo
730 493 863 574 masculi,
884 505 936 558 aut
956 497 1155 561 tautummodo
1179 499 1321 582 sominae,
1341 523 1382 566 aa

136 590 217 644 certe
240 577 378 665 permixti
400 601 492 644 sexus
514 579 585 659 sint,
605 589 747 664 quawnus
770 578 819 641 lex
842 577 969 664 undique
992 580 1205 667 perfectionem
1229 584 1384 650 habeatet

135 664 237 726 curiae
259 663 423 726 utilitatem.
466 663 502 726 Si
525 684 599 747 ergo
623 663 745 726 masculi
766 663 965 727 tantummodo
988 665 1016 727 ei
1040 664 1162 745 luerint,
1183 667 1238 732 lilii
1259 668 1306 733 vel
1328 692 1383 734 ne-

136 763 221 835 potes
242 747 346 811 forsan
369 747 489 812 masculi
512 769 551 811 ex
572 747 784 834 praedefuncto
807 747 880 827 filio,
902 769 1006 812 novem
1031 750 1383 820 nnciasinumneefilios

137 833 214 894 sicut
235 831 360 895 voluerit
381 833 503 912 dividat,
532 832 576 895 sic
597 842 711 912 umen,
740 844 771 894 ut
792 831 822 894 in
845 831 925 896 nullo
949 831 1129 898 diminuatur
1149 836 1218 916 lex,
1245 858 1323 922 quse
1343 840 1383 905 de

137 916 315 981 inofficiosis
348 916 458 1002 legitur
491 915 693 994 testamentis,
725 916 787 980 nisi
819 916 896 980 sorte
928 916 1153 1003 ingratitudinis
1186 920 1291 986 modus
1324 923 1382 989 boc

138 1001 252 1064 iecerit.
307 1001 412 1086 Neque
446 1001 524 1065 enim
559 1022 634 1087 qnae
666 1001 696 1063 in
732 1000 777 1064 bis
814 1001 928 1086 positae
962 1013 1031 1067 sunt
1066 1001 1149 1089 leges
1178 1007 1300 1072 omnino
1329 1006 1383 1073 ds-

136 1085 289 1165 etruimus,
311 1085 363 1149 illo
385 1085 553 1149 omnimodo
575 1084 733 1166 custodito,
755 1096 786 1148 nt
808 1105 910 1149 norem
934 1086 1039 1151 unciae
1060 1087 1139 1151 inter
1159 1110 1220 1153 non
1240 1091 1383 1177 ingratos

137 1169 216 1235 filios
242 1169 426 1250 dividantur,
454 1181 483 1233 et
512 1168 670 1233 secundum
693 1170 749 1233 boc
770 1170 969 1255 unusquisque
990 1172 1095 1235 subeat
1115 1174 1216 1237 curiae
1238 1189 1385 1262 paternae

138 1254 337 1333 functionem,
364 1254 523 1318 secundum
553 1267 692 1339 quantum
714 1254 759 1316 eis
781 1266 866 1338 pater
887 1253 1024 1319 diviserit
1044 1258 1254 1340 substantiam,
1285 1261 1384 1326 tribus

139 1340 235 1402 unciis
257 1338 456 1403 tantummodo
479 1350 620 1425 paternae
643 1336 794 1401 derelictis
816 1338 977 1420 voluntati,
1006 1340 1055 1404 ubi
1077 1362 1129 1405 eas
1152 1345 1310 1430 pervenire
1332 1367 1384 1410 ιο-

139 1423 238 1500 luerit,
261 1425 324 1486 sive
347 1422 384 1487 ad
405 1422 485 1487 filios
507 1423 571 1487 sine
593 1421 629 1487 ad
652 1422 751 1486 alium.

223 1504 302 1577 illl.
327 1505 374 1577 ll.
421 1506 533 1580 Quodsi
556 1528 659 1571 omnes
680 1506 809 1570 feminae
831 1506 953 1588 suerint,
974 1507 1000 1571 si
1022 1507 1140 1608 quidem
1162 1509 1295 1576 eiusdem
1308 1511 1383 1577 ciri·

138 1592 207 1657 tatis
230 1603 337 1678 nuptae
360 1593 471 1656 luerint
492 1591 669 1669 claudibus,
697 1591 799 1654 licebit
820 1590 914 1678 patri,
941 1592 969 1654 ai
990 1592 1105 1677 qualem
1128 1602 1236 1680 nuptae
1258 1596 1382 1679 luerint,
1415 1608 1419 1615 ’

137 1679 215 1741 sicut
236 1677 343 1741 dictum
366 1690 423 1758 est,
444 1677 616 1757 curialibus,
638 1675 770 1740 dividere
793 1675 871 1740 inter
892 1697 945 1740 eas
967 1697 1082 1742 omnem
1104 1680 1310 1763 substantiam,
1332 1694 1382 1746 ant

171 1823 304 1883 mxl..
329 1824 396 1883 ὓΔΡ.
412 1824 460 1883 lli.
491 1826 748 1899 quodsi]SicNeob.
807 1824 1007 1892 boc]SicVind.
1020 1830 1177 1895 poodNeob.
1190 1830 1380 1885 Graooosisor.

137 1898 211 1947 sodes·
229 1896 306 1948 Vinrl.
808 1894 1002 1964 unusquisque]
1031 1896 1079 1949 Sic
1107 1898 1193 1951 Neob.
1239 1915 1305 1952 onas
1327 1903 1381 1969 prsis

172 1961 368 2031 tantummodo]
387 1963 521 2016 SicVind.
554 1961 747 2029 tnNeob.,sed
773 1960 852 2014 vinu.
887 1962 935 2014 Gr·
953 1960 1079 2015 ἕκαστον.

137 2031 234 2084 litteris
261 2040 287 2082 to
305 2031 404 2084 lineola
420 2031 455 2082 im
478 2031 547 2082 osita
563 2035 621 2096 est,
648 2046 700 2099 qua
718 2044 748 2081 re
805 2028 913 2096 subeat]
933 2029 979 2082 Sic
997 2031 1076 2083 Vind.
1109 2033 1203 2085 audead
1219 2034 1309 2088 Neob.

137 2099 303 2166 significatur
319 2107 411 2151 tumeo.
473 2114 494 2153 r.
510 2094 617 2176 μόνων.
807 2094 981 2164 functionem]
1001 2098 1061 2151 Hoc
1078 2102 1189 2154 verbnm
1207 2107 1234 2154 et
1250 2118 1322 2170 quae
1339 2117 1380 2155 se-

172 2165 229 2234 aut]
249 2167 295 2218 Sin
312 2169 399 2220 Neob.
433 2183 466 2217 on
486 2166 565 2219 Vrnsl.
601 2165 649 2217 Gr.
666 2164 729 2214 else.
792 2167 1381 2236 euasurosqueadvoeensupermanant..

171 2234 366 2300 tantammodo]
383 2235 429 2286 Sic
438 2233 516 2286 Vind.
551 2233 684 2313 auson,
698 2232 746 2283 sed
772 2181 878 2298 desunt,
895 2231 1028 2285 habentur
1044 2241 1133 2287 autem
1149 2235 1177 2287 in
1195 2237 1274 2289 Vind.

138 2303 237 2356 lineola
254 2301 487 2369 superinsiniecta
497 2307 548 2353 est.
582 2301 746 2366 (ἔιμονων.
807 2298 1002 2368 qusntnm18ic
1014 2302 1090 2356 vind.
1124 2305 1297 2371 quodvulgn.
1334 2304 1380 2359 Gt.

172 2368 218 2436 au]
236 2370 281 2421 Sic
300 2370 377 2421 Viud.
395 2371 481 2422 Neob.
516 2369 675 2434 out.anpo.
772 2371 837 2417 καθ’
856 2361 934 2418 ὅσον.

161 2438 257 2503 certe]
276 2438 322 2489 Sic
339 2436 417 2489 Viod.
452 2453 493 2488 cer
510 2437 597 2489 Neob.
806 2433 938 2502 diviserit]
956 2436 1002 2489 Sic
1017 2438 1105 2492 Neob.
1139 2440 1255 2491 dioidem
1269 2439 1352 2494 vasu

171 2503 316 2574 quatenus]
335 2508 451 2573 amttam
468 2503 547 2558 vind.
563 2503 651 2557 Neob.
806 2502 941 2555 derelictis
972 2505 1018 2556 Sic
1034 2506 1122 2559 Neob.
1156 2509 1250 2561 relictis
1270 2507 1353 2563 Vise.

172 2572 376 2641 perfectionem]
393 2573 442 2625 Sic
458 2571 537 2625 vinu.
571 2572 748 2638 perfectiorum
807 2571 935 2625 voluntati
974 2574 1109 2624 volontatis
1134 2574 1212 2627 vino.
1256 2576 1393 2629 οοιιιιιιιιι

137 2643 226 2695 Neob.
773 2638 873 2703 Neob.,
899 2640 970 2707 qnod
989 2638 1012 2691 si
1029 2657 1139 2694 serrare
1155 2642 1238 2711 velia,
1257 2645 1405 2712 ruperia!

166 2709 353 2762 ¹tantummodo
369 2706 408 2775 ei]
431 2707 478 2760 Sic
497 2707 575 2759 Vind.
595 2706 686 2759 Neob.
727 2709 750 2758 ei
773 2705 942 2759 scribendum
961 2708 1013 2759 erit
1028 2716 1145 2774 poteras.

138 2779 307 2829 tnatmnnoslo
326 2778 422 2841 Vulgo.
462 2777 492 2828 ln
510 2775 625 2828 Graecis
643 2774 749 2827 ridetur
806 2774 864 2827 sire
882 2774 915 2826 acl
934 2771 1015 2842 lilios]
1027 2777 1103 2829 Haec
1112 2784 1141 2829 et
1150 2793 1220 2846 qnae
1232 2784 1423 2846 sequnntur

140 2846 224 2899 luisse
240 2838 331 2913 μόνον
348 2840 430 2908 αὐτῷ.
773 2857 859 2910 nsque
882 2843 915 2892 ad
934 2844 1012 2894 linem
1030 2842 1109 2895 baius
1127 2845 1222 2914 capitis
1239 2845 1344 2900 desunt
1358 2848 1423 2901 ir!

172 2911 282 2979 inerint]
308 2912 354 2965 Sic
372 2911 451 2963 Viad.
489 2911 551 2974 licat
568 2910 657 2963 Neob.
698 2910 748 2963 Gr.
773 2909 862 2974 vinu,
880 2910 928 2961 sed
945 2911 1068 2964 inNeob.
1087 2919 1158 2979 sunt,
1177 2913 1423 2982 quitamerslrw

137 2974 340 3042 κοθισιὴκοιεν.
772 2975 818 3028 bet
835 2981 886 3027 otio
925 2993 955 3029 ro
973 2980 1049 3029 alios.
1083 2980 1133 3033 Gr.
1150 2978 1262 3037 παῖδας.

172 3049 224 3113 rel]
244 3049 289 3100 Sic
306 3046 392 3100 Neob.
422 3044 625 3097 deestinVind.
660 3045 708 3097 Gr.
720 3035 746 3108 ii
805 3039 875 3099 tot.
925 3041 1068 3101 ‚diist
1103 3046 1210 3115 quodsi]
1222 3049 1423 3104 ondstViadae

173 3122 283 3183 nepotes
302 3115 391 3166 forsan
423 3114 469 3165 Sio
487 3113 566 3165 Vind.
598 3113 688 3192 (meon
703 3129 748 3164 se·
771 3113 885 3191 prwdsest
908 3115 1012 3181 Neob.,
1037 3115 1084 3168 sed
1109 3115 1205 3168 litteris
1230 3132 1260 3168 se
1284 3123 1423 3185 pundfl

137 3181 396 3316 weihNSidbl'iaiin
410 3178 684 3328 iiiiidbfvdliilx,
691 3243 694 3251 ’
770 3181 979 3314 midiiidtfugic
987 3249 1065 3302 vind.
1098 3250 1147 3317 soit
1156 3251 1255 3317 Neob.,
1272 3250 1322 3303 sed
1336 3238 1423 3306 'aa‘

171 3316 398 3382 sioutlsicNeob.
415 3316 537 3367 malind.
555 3315 603 3368 Gr.
610 3318 747 3384 καθαπερ.
772 3331 822 3383 pra
845 3318 960 3368 litteram
978 3319 988 3367 ι’
1004 3317 1191 3371 circumflexus
1209 3318 1315 3386 positas
1334 3328 1423 3374 esta

171 3385 297 3450 voluerit]
317 3384 363 3436 Sic
372 3382 450 3437 Vino.
484 3385 560 3435 οοιιιίι
578 3384 665 3437 Neob.
697 3384 747 3437 Gr.
772 3383 821 3436 Gr.
845 3376 1048 3445 senseriacum
1088 3386 1169 3440 Quod
1191 3393 1272 3439 antes
1294 3386 1423 3455 Vulgo!

136 3453 293 3519 βουληθείη.
773 3456 815 3503 est
831 3459 939 3517 nuptae,
967 3452 993 3502 in
1011 3451 1089 3504 Vind.
1114 3454 1200 3520 deest,
1225 3460 1252 3507 et
1270 3455 1423 3510 Graecifl

171 3520 271 3587 tamen]
290 3520 336 3573 Sic
348 3518 427 3570 Viud.
462 3525 560 3570 testeae
575 3518 663 3571 Neob.
699 3518 748 3572 Gr.
773 3526 915 3585 repugnat,
933 3519 1048 3598 ideoque.
1066 3521 1239 3574 omittendum
1256 3521 1318 3575 init.

138 3592 241 3658 μέντοι.
806 3586 831 3638 si
847 3584 967 3654 quidem]
985 3590 1031 3639 Sto
1049 3589 1126 3640 Vind.
1164 3593 1189 3642 ss·
1205 3591 1278 3658 pudo
1294 3592 1423 3645 Neoba

172 3654 256 3723 nullo]
275 3655 320 3707 Sic
338 3654 416 3708 Vind.
433 3654 522 3710 Neob.
561 3655 632 3705 natta
651 3654 748 3720 vulgo.
807 3653 926 3706 eiusdem
956 3657 1041 3707 assde
1056 3657 1144 3710 Neob.

138 3726 187 3778 Gr.
204 3718 272 3774 κατὰ
288 3721 386 3788 μηδέν.
806 3721 921 3775 civitatis
952 3722 998 3775 Sic
1015 3725 1102 3776 Neob.
1143 3725 1286 3778 deitatibus
1303 3725 1423 3779 viad-⁴

171 3789 345 3858 diminuatur]
359 3790 404 3842 Sic
412 3789 488 3842 Vina.
513 3791 652 3841 dissiscerent
661 3791 747 3843 Neob.
773 3789 820 3841 Gr.
840 3784 953 3847 πόλεως.
987 3791 1067 3846 Quod
1078 3792 1164 3858 Vulgo
1182 3793 1324 3846 subiicitur
1341 3812 1423 3847 esa

137 3862 293 3939 deprimuntur
311 3860 408 3923 Vulgo.
442 3855 702 3936 Gudinrsnsdrjr'nr.
773 3858 894 3922 ιιίιὶέόιιο,
919 3857 970 3911 Ιιοο
992 3861 1051 3912 loco
1076 3874 1126 3912 nec
1147 3861 1175 3915 in
1193 3861 1273 3914 vind.
1290 3867 1343 3917 aut.
1356 3861 1385 3915 in
1409 3869 1423 3905 ¹

138 3927 235 4049 radidi
255 3927 455 4047 sdicrcldsiriliexui
474 3926 579 4062 pidriitiis
593 3926 749 4047 'dsiwdiri
772 3926 961 4061 Necodiiaiiliirs]
989 3994 1035 4047 Sic
1060 3997 1164 4063 Neob.,
1194 3996 1267 4065 qnod
1301 3996 1384 4051 men
1413 4004 1416 4009 '

137 4057 210 4127 πλὴν
225 4063 251 4113 st
261 4081 314 4194 pe.
645 4128 652 4141 ι
688 4128 695 4140 ·
774 4061 939 4114 Graecorum
967 4064 1035 4116 ordo
1062 4065 1209 4118 confirmat.
1252 4064 1384 4133 Decetia

172 4147 260 4199 neque
289 4147 321 4181 ee
335 4146 413 4197 ιιεοιιο
429 4130 527 4194 Neob.,
545 4128 594 4181 sed
613 4130 747 4195 prrorrbns
773 4130 852 4182 Virri.

138 4199 242 4250 duabus
261 4197 355 4250 litteris
392 4203 472 4250 uncta
488 4196 609 4249 subiecta
626 4202 696 4250 snut.
806 4195 909 4264 licebit]
926 4197 972 4250 ste
988 4198 1076 4251 Neob.
1109 4201 1210 4252 licentis
1226 4201 1384 4268 eritvalgo.

171 4266 199 4319 in
223 4262 276 4344 bia]
303 4266 349 4318 Sic
372 4215 452 4318 iisd.
498 4265 538 4317 lus
565 4266 653 4325 Neob.
699 4266 748 4318 Gr.
773 4265 803 4317 ln
813 4264 892 4318 Viod.
909 4265 1015 4331 desunt,
1033 4282 1103 4334 qnae
1119 4267 1230 4319 inde-sb
1239 4267 1383 4321 boorerbo

138 4332 186 4386 tat
203 4348 314 4390 οουοοις.
773 4331 905 4385 habemur
922 4349 1008 4401 nsque
1026 4335 1060 4386 ad
1075 4343 1169 4401 septae
1184 4336 1287 4401 [ναῖοι.

173 4399 346 4468 destruimus]
355 4400 401 4467 Sic
409 4400 488 4454 Vinci.
513 4401 652 4454 demitur
660 4401 750 4454 Neob.
808 4399 964 4467 curialibus]
987 4401 1051 4454 lnde
1075 4403 1108 4456 ab
1131 4403 1182 4457 bac
1204 4419 1270 4457 voce
1294 4405 1385 4458 denso

139 4469 189 4524 Gr.
205 4464 382 4536 ιἰναιροῦμον.
576 4481 578 4485 ’
773 4466 869 4535 incipit
885 4469 972 4521 oratio
986 4468 1273 4536 οοάῐοίοΜοιιιοοιιοίο,
1288 4470 1321 4525 io
1348 4488 1384 4525 no

172 4534 318 4601 custodito]
336 4534 479 4590 sievnd.
513 4537 651 4590 moditor
661 4537 752 4591 Neob.
773 4534 878 4588 initium
896 4537 1095 4591 constitutionis
1118 4539 1288 4592 desideratur
1310 4490 1385 4595 ldiiia

139 4604 187 4659 Gr.
205 4604 423 4673 φυλαττομένου.
774 4608 903 4672 quattuor
920 4604 1028 4657 excisis.

173 4688 269 4728 aorem
299 4688 377 4724 emsa
390 4673 494 4726 Neob..
782 4715 785 4721 .
808 4686 915 4724 omnem
937 4672 1125 4742 substantiam]
1148 4675 1195 4726 Sic
1211 4673 1291 4727 Vino.
1308 4676 1385 4731 Most.

173 4740 267 4794 undae
295 4744 365 4794 oreis
381 4741 469 4796 Neob.
774 4755 836 4792 osse
851 4740 915 4792 saba
939 4743 1042 4810 Neob.,
1064 4743 1114 4796 sed
1138 4742 1223 4812 priori
1243 4744 1353 4799 litteras
1368 4762 1390 4798 e
